=LDR  04439cam a2201009 a 4500
=001  013260518
=003  Uk
=005  20220331013456.0
=008  050727s2005\\\\ne\a\\\\\b\\\\001\0\eng\\
=FMT  \\$a  BK
=015  \\$aGBA565820$2bnb
=016  7\$a013260518$2Uk
=020  \\$a9781402036668 (v. 1 : cased) :$cNo price
=020  \\$a1402036663 (v. 1 : cased) :$cNo price
=020  \\$a9781402036651 (v. 1 : e-book) :$cNo price
=020  \\$a1402036655 (v. 1 : e-book) :$cNo price
=020  \\$a9781402066672 (v. 2 : cased) :$cNo price
=020  \\$a9781402066689 (v. 2 : e-book) :$cNo price
=040  \\$aUk$beng$cUk
=042  \\$aukblsr
=082  04$a519.62$222
=245  00$aFoundations of generic optimization /$cby M. Iglesias ... [et al.] ; edited by R. Lowen and A. Verschoren.
=260  \\$aDordrecht ;$a[Great Britain] :$bSpringer,$c2005-
=300  \\$av. :$bill. ;$c25 cm.
=336  \\$atext$2rdacontent
=337  \\$aunmediated$2rdamedia
=338  \\$avolume$2rdacarrier
=490  1\$aMathematical modelling--theory and applications ;$vv. 20, 24
=505  1\$av. 1. A combinatorial approach to epistasis -- v. 2. Applications of fuzzy control, genetic algorithms and neural networks.
=504  \\$aIncludes bibliographical references and index.
=540  \\$aCurrent copyright fee: GBP19.00$c42\0$5Uk
=650  \0$aGenetic algorithms.
=650  \0$aMathematical optimization.
=650  \0$aEpistasis (Genetics)
=650  \0$aFuzzy systems.
=650  \0$aNeural networks (Computer science)
=700  1\$aIglesias, M. T.$q(M. Teresa).
=700  1\$aLowen, R.$q(Robert).
=700  1\$aVerschoren, A.,$d1954-
=740  02$aCombinatorial approach to epistasis.
=830  \0$aMathematical modelling--theory and applications ;$vv. 20, 24.
=856  \\$31850-9999$uhttp://www.springer.com/gb/$xBLDSS
=852  41$aBritish Library$bDSC$ivol. 2
=852  11$aBritish Library$bSTI$k(B)$h519.62$ivol. 1
=852  41$aBritish Library$bDSC$j5402.548800$iv. 20
=CAT  \\$a12323$b40$c20050727$lBLL01$h1043
=CAT  \\$aBATCH-UPD$b00$c20150219$lBLL01$h1910
=CAT  \\$aIPL-CLA$c20150331$lBLL01$h1640
=CAT  \\$aBATCH-UPD$b00$c20150520$lBLL01$h1907
=CAT  \\$aIPL-CLA$c20150630$lBLL01$h1648
=CAT  \\$aBATCH-UPD$b00$c20150820$lBLL01$h1939
=CAT  \\$aIPL-CLA$c20150930$lBLL01$h1809
=CAT  \\$aBATCH-UPD$b00$c20160217$lBLL01$h1836
=CAT  \\$aIPL-CLA$c20160331$lBLL01$h1729
=CAT  \\$aBATCH-UPD$b00$c20160524$lBLL01$h2239
=CAT  \\$aBATCH-UPD$b00$c20160525$lBLL01$h0443
=CAT  \\$aWR16_021$c20160611$lBLL01$h2010
=CAT  \\$aBATCH-CLA$b00$c20160612$lBLL01$h0138
=CAT  \\$aBATCH-UPD$b00$c20160824$lBLL01$h1856
=CAT  \\$aIPL-CLA$c20160930$lBLL01$h1605
=CAT  \\$aBATCH-UPD$b00$c20170216$lBLL01$h1941
=CAT  \\$aBATCH-UPD$b00$c20170216$lBLL01$h2318
=CAT  \\$aIPL-CLA$c20170331$lBLL01$h1846
=CAT  \\$aBATCH-UPD$b00$c20170904$lBLL01$h2004
=CAT  \\$aIPL-CLA$c20170929$lBLL01$h1730
=CAT  \\$aBATCH-UPD$b00$c20180223$lBLL01$h1901
=CAT  \\$aIPL-CLA$c20180331$lBLL01$h1622
=CAT  \\$aBATCH-UPD$b00$c20180524$lBLL01$h1755
=CAT  \\$aIPL-CLA$c20180630$lBLL01$h1917
=CAT  \\$aBATCH-CLAB$c20220330$lBLL01$h1733
=CAT  \\$aBATCH-CLA$b00$c20220331$lBLL01$h0134
=CFI  0\$aCurrent copyright fee: GBP19.00$c42\0$e01-jul-2018$fGBP19.00$g0$hP$5Uk
=FFP  \\$aY$bBLDSS-3PM
=FIN  \\$aY$d20050803
=TCO  \\$aNLD$bSTICHTING REPRORECHT$c008
=UNO  \\$aY
=ACF  \\$aPrevious copyright fee: GBP18.72$c42\0$e01-jan-2013$fGBP18.72$g0$hP$5Uk
=ACF  \\$aPrevious copyright fee: GBP19.32$c42\0$e01-jul-2013$fGBP19.32$g0$hP$5Uk
=ACF  \\$aPrevious copyright fee: GBP18.72$c42\0$e01-jan-2014$fGBP18.72$g0$hP$5Uk
=ACF  \\$aPrevious copyright fee: GBP18.15$c42\0$e01-jul-2014$fGBP18.15$g0$hP$5Uk
=ACF  \\$aPrevious copyright fee: GBP19.32$c42\0$e01-apr-2015$fGBP19.32$g0$hP$5Uk
=ACF  \\$aPrevious copyright fee: GBP19.97$c42\0$e01-jul-2015$fGBP19.97$g0$hP$5Uk
=ACF  \\$aPrevious copyright fee: GBP20.66$c42\0$e01-apr-2016$fGBP20.66$g0$hP$5Uk
=ACF  \\$aPrevious copyright fee: GBP22.19$c42\0$e01-oct-2016$fGBP22.19$g0$hP$5Uk
=ACF  \\$aPrevious copyright fee: GBP23.96$c42\0$e01-apr-2017$fGBP23.96$g0$hP$5Uk
=ACF  \\$aPrevious copyright fee: GBP23.04$c42\0$e01-oct-2017$fGBP23.04$g0$hP$5Uk
=LAS  \\$aBATCH-CLA$b00$c20220331$lBLL01$h0134

