=LDR  04721 am a2201045 a 4500
=001  013286859
=003  Uk
=005  20110228142823.0
=008  050826s2005\\\\gw\a\\\\\b\\\\101\0\eng\d
=FMT  \\$a  BK
=015  \\$aGBA576436$2bnb
=020  \\$a3540283234 (pt. 1 : pbk.) :$cNo price
=020  \\$a3540283250 (pt. 2 : pbk.) :$cNo price
=020  \\$a354028320X (pt. 3 : pbk.) :$cNo price
=040  \\$aOHX$beng$cOHX$dBAKER$dUk
=042  \\$aukblsr
=072  \7$aQA$2lcco
=082  04$a006.32$222
=111  2\$aInternational Conference on Natural Computation$n(1st :$d2005 :$cChangsha, Hunan Sheng, China)
=CNF  \\$aAdvances in natural computation (Conference :$d2005 Aug :$cChangsha, Hunan Sheng, China)
=245  10$aAdvances in natural computation :$bfirst international conference, ICNC 2005, Changsha, China, August 27-29, 2005 ; proceedings /$cLipo Wang, Ke Chen, Yew Soon Ong (eds.).
=260  \\$aBerlin ;$a[Great Britain] :$bSpringer,$cc2005.
=300  \\$a3 v. :$bill. ;$c24 cm.
=336  \\$atext$2rdacontent
=337  \\$aunmediated$2rdamedia
=338  \\$avolume$2rdacarrier
=490  1\$aLecture notes in computer science,$x0302-9743 ;$v3610-3612
=504  \\$aIncludes bibliographical references and index.
=591  \\$aPapers.
=540  \\$aCurrent copyright fee: GBP19.00$c42\0$5Uk
=650  \0$aNeural networks (Computer science)$vCongresses.
=653  1\$aICNC
=653  1\$aNatural computation
=700  1\$aWang, Lipo.
=700  1\$aChen, Ke,$cDr.
=700  1\$aOng, Yew Soon.
=830  \0$aLecture notes in computer science,$x0302-9743 ;$v3610-3612
=856  \\$31850-9999$uhttp://www.springer.com/gb/$xBLDSS
=852  41$aBritish Library$bDSC$j5180.185000$ino. 3612
=852  41$aBritish Library$bDSC$j5180.185000$ino. 3611
=852  41$aBritish Library$bDSC$j5180.185000$ino. 3610
=852  71$aBritish Library$bSTI$k(P)$hPL 50$i3610-3612$m-E(30)$2blsrissc
=852  41$aBritish Library$bSTI$ipt. 2
=852  41$aBritish Library$bSTI$ipt. 3
=945  \\$aLecture notes in computer science, ISSN 0302-9743 ; no 3610-3612 2005
=CAT  \\$a8457$b40$c20050906$lBLL01$h0929
=CAT  \\$aBATCH-UPD$b00$c20140527$lBLL01$h2225
=CAT  \\$aBATCH-CLA$c20140528$lBLL01$h1741
=CAT  \\$aIPL-CLA$c20140630$lBLL01$h1725
=CAT  \\$aBLDSS-3PM$b00$c20150102$lBLL01$h1730
=CAT  \\$aBATCH-UPD$b00$c20150219$lBLL01$h1910
=CAT  \\$aIPL-CLA$c20150331$lBLL01$h1641
=CAT  \\$aBATCH-UPD$b00$c20150520$lBLL01$h1907
=CAT  \\$aIPL-CLA$c20150630$lBLL01$h1648
=CAT  \\$aBATCH-UPD$b00$c20150820$lBLL01$h1939
=CAT  \\$aIPL-CLA$c20150930$lBLL01$h1809
=CAT  \\$aBATCH-UPD$b00$c20160217$lBLL01$h1836
=CAT  \\$aIPL-CLA$c20160331$lBLL01$h1730
=CAT  \\$aBATCH-UPD$b00$c20160524$lBLL01$h2239
=CAT  \\$aBATCH-UPD$b00$c20160525$lBLL01$h0444
=CAT  \\$aBATCH-UPD$b00$c20160824$lBLL01$h1856
=CAT  \\$aIPL-CLA$c20160930$lBLL01$h1605
=CAT  \\$aBATCH-UPD$b00$c20170216$lBLL01$h1941
=CAT  \\$aIPL-CLA$c20170331$lBLL01$h1846
=CAT  \\$aW1707-0052$c20170703$lBLL01$h1844
=CAT  \\$aBATCH-UPD$b00$c20170904$lBLL01$h2005
=CAT  \\$aIPL-CLA$c20170929$lBLL01$h1731
=CAT  \\$aBATCH-UPD$b00$c20180223$lBLL01$h1901
=CAT  \\$aIPL-CLA$c20180331$lBLL01$h1622
=CAT  \\$aBATCH-UPD$b00$c20180524$lBLL01$h1755
=CAT  \\$aIPL-CLA$c20180630$lBLL01$h1917
=CFI  0\$aCurrent copyright fee: GBP19.00$c42\0$e01-jul-2018$fGBP19.00$g0$hP$5Uk
=CFI  2\$aPrevious copyright fee: GBP21.39$c42\0$e01-apr-2018$fGBP21.39$g0$hP$5Uk
=FFP  \\$aY$bBLDSS-3PM
=FIN  \\$aY$d20050908
=SID  \\$aZ39$bOCLC
=TCO  \\$aDEU$bVG WORT$c008
=UNO  \\$aY
=ACF  \\$aPrevious copyright fee: GBP18.72$c42\0$e01-jan-2013$fGBP18.72$g0$hP$5Uk
=ACF  \\$aPrevious copyright fee: GBP19.32$c42\0$e01-jul-2013$fGBP19.32$g0$hP$5Uk
=ACF  \\$aPrevious copyright fee: GBP18.72$c42\0$e01-jan-2014$fGBP18.72$g0$hP$5Uk
=ACF  \\$aPrevious copyright fee: GBP18.15$c42\0$e01-jul-2014$fGBP18.15$g0$hP$5Uk
=ACF  \\$aPrevious copyright fee: GBP19.32$c42\0$e01-apr-2015$fGBP19.32$g0$hP$5Uk
=ACF  \\$aPrevious copyright fee: GBP19.97$c42\0$e01-jul-2015$fGBP19.97$g0$hP$5Uk
=ACF  \\$aPrevious copyright fee: GBP19.32$c42\0$e01-oct-2015$fGBP19.32$g0$hP$5Uk
=ACF  \\$aPrevious copyright fee: GBP20.66$c42\0$e01-apr-2016$fGBP20.66$g0$hP$5Uk
=ACF  \\$aPrevious copyright fee: GBP22.19$c42\0$e01-oct-2016$fGBP22.19$g0$hP$5Uk
=ACF  \\$aPrevious copyright fee: GBP23.96$c42\0$e01-apr-2017$fGBP23.96$g0$hP$5Uk
=ACF  \\$aPrevious copyright fee: GBP23.04$c42\0$e01-oct-2017$fGBP23.04$g0$hP$5Uk
=LAS  \\$aIPL-CLA$b00$c20180630$lBLL01$h1917

