=LDR  03058caa a22006977a 4500
=001  013529922
=003  Uk
=005  20211231172108.0
=008  060814s2007\\\\xxu\\\\\\\\\\\100\0\eng\\
=FMT  \\$a  BK
=040  \\$aUk$beng$cUk
=CNF  \\$a17th European conference on diamond, diamond like materials, carbon nanotubes, nitrides and silicon carbide.$n(17th :$d2006 Sep :$cEstoril, Porrtugal)
=245  00$aProceedings of Diamond 2006, the 17th European conference on diamond, diamond like materials, carbon nanotubes, nitrides and silicon carbide.
=260  \\$bElsevier,$c2007.
=300  \\$a1 v.
=336  \\$atext$2rdacontent
=337  \\$aunmediated$2rdamedia
=338  \\$avolume$2rdacarrier
=591  \\$aPapers.
=540  \\$aCurrent copyright fee: GBP34.30$c5\1$5Uk
=653  1\$aDiamond like materials
=653  1\$aCarbon nanotubes
=653  1\$aNitrides
=653  1\$aSilicon carbide
=856  \\$31850-9999$uhttp://www.elsevier.com/journals$xBLDSS
=852  41$aBritish Library$bDSC$j3579.835200
=852  71$aBritish Library$bSTI$k(P)$hTN 74$m(D1) -E(9)$2blsrissc
=852  41$aBritish Library$bDSC$m3579.835200$pv. 16 iss. 4/7
=945  \\$aDiamond and related materials, ISSN 0925-9635 ; vol 16 iss 4/7 2007
=CAT  \\$a7153$b40$c20060814$lBLL01$h0913
=CAT  \\$a6019$b40$c20070208$lBLL01$h0959
=CAT  \\$a6019$b40$c20070524$lBLL01$h1154
=CAT  \\$a6019$b40$c20070524$lBLL01$h1155
=CAT  \\$aBATCH-CLA$b00$c20120928$lBLL01$h1828
=CAT  \\$aBATCH-CLA$b00$c20120930$lBLL01$h1031
=CAT  \\$aBATCH-UPD$b00$c20121121$lBLL01$h1658
=CAT  \\$aIPL-CLA$c20121231$lBLL01$h1320
=CAT  \\$aIPL-CLA$c20130102$lBLL01$h1747
=CAT  \\$aBATCH-CLA$b00$c20130508$lBLL01$h0715
=CAT  \\$aBATCH-CLA$b00$c20140125$lBLL01$h1259
=CAT  \\$aBATCH-CLA$b00$c20140202$lBLL01$h0138
=CAT  \\$aBATCH-CLA$c20140225$lBLL01$h2327
=CAT  \\$aBLDSS-3PM$b00$c20141222$lBLL01$h1715
=CAT  \\$aBATCH-UPD$b00$c20170304$lBLL01$h1319
=CAT  \\$aBATCH-UPD$b00$c20171121$lBLL01$h1746
=CAT  \\$aIPL-CLA$c20171231$lBLL01$h1657
=CAT  \\$aBATCH-UPD$b00$c20190521$lBLL01$h1438
=CAT  \\$aBATCH-CLA$b00$c20190522$lBLL01$h0214
=CAT  \\$aBATCH-CLA$b00$c20190522$lBLL01$h0240
=CAT  \\$aIPL-CLA$c20190630$lBLL01$h1536
=CAT  \\$aBATCH-UPD$b00$c20211119$lBLL01$h1555
=CAT  \\$aBATCH-CLA$b00$c20211120$lBLL01$h0145
=CAT  \\$aBATCH-CLA$b00$c20211120$lBLL01$h0213
=CAT  \\$aIPL-CLA$c20211231$lBLL01$h1721
=CFI  0\$aCurrent copyright fee: GBP34.30$c5\1$e01-jan-2022$fGBP34.30$g0$hP$5Uk
=CFI  2\$aPrevious copyright fee: GBP32.84$c5\1$e01-jul-2019$fGBP32.84$g0$hP$5Uk
=FFP  \\$aY$bBLDSS-3PM
=FIN  \\$aY$d20070524
=LKR  \\$aANA$b008904479$lBLL01$nDiamond and related materials.$r773$y2007$v16$i4/7$mProceedings of Diamond 2006, the 17th European conference on diamond, diamond like materials, carbon nanotubes, nitrides and silicon carbide.
=TCO  \\$aNLD$bSTICHTING REPRORECHT$c008
=LAS  \\$aIPL-CLA$b00$c20211231$lBLL01$h1721

