=LDR  04754cas a2201033 a 4500
=001  011786420
=003  Uk
=005  20230511162802.0
=007  ta
=008  040410c19679999be\ar\p\\\\\\\0\\\a0eng\\
=FMT  \\$a  SE
=019  c\$a2179949
=022  \\$a0084-3814
=040  \\$aUk$beng$cUk$dUk
=041  0\$aeng$beng$bfre$bger
=042  \\$aukblsr
=082  04$a060$221
=245  00$aYearbook of international organizations.$nvolume 1,$porganization descriptions and cross-references.
=260  \\$aBrussels :$bUnion of International Associations,$c1967-
=260  3\$32011-$aLeiden :$bBrill
=300  \\$av. ;$c26 cm.
=310  \\$aAnnual
=336  \\$atext$2rdacontent
=337  \\$aunmediated$2rdamedia
=338  \\$avolume$2rdacarrier
=362  0\$a11th ed. (1966/67)-
=515  \\$aBeginning in 1983, published in 3 vols.: v.1. Organization descriptions and index -- v.2. Geographic volume : international organization participation -- v. 3. Subject volume : global action network; from 1996 published in 4 vols; from 2001 published in 5 vols; from 2007 published in 6 vols.
=546  \\$aText in English, with instructions in English, French, and German; indexes in English and French.
=580  \\$aComplemented by: International association statutes series, 1988-.
=588  \\$aLatest issue consulted: 48th ed. (2011/2012).
=540  \\$aCurrent Copyright Fee: GBP22.00$c74/0$5Uk
=856  \\$31850-9999$uhttp://booksandjournals.brillonline.com/$xBLDSS
=852  11$aBritish Library$bSTI$cBIPC$k(B) DIR$h060$mBusiness Desk$3Current issue only
=852  41$aBritish Library$bSTI$jEnquiry Desk S3
=852  41$aBritish Library$bHMNTS$kOPQ$h060$3Current edition
=852  41$aBritish Library$bHMNTS$jUNP.555/4
=852  41$aBritish Library$bDSC$j9414.000000$3Vol. 4 (1951/52)-Ed.51, v. 1B (2014/2015)***UKRR Retained Title***Stock Incomplete
=945  \\$aYEARBOOK OF INTERNATIONAL ORGANIZATIONS VOLUME 1.
=959  \\$fHeld but not currently received
=964  \\$a1948- [19 ?] *A=1$dO$eTG0228
=985  \\$aUpgraded by BSS-generated file for WR2011-1473
=A02  \\$a2179949
=A02  \\$a1401284$z1284
=CAT  \\$aCONV$b00$c20040425$lBLL90$h0712
=CAT  \\$aBATCH-UPD$b00$c20090331$lBLL01$h2300
=CAT  \\$aBATCH-UPD$b00$c20090401$lBLL01$h0032
=CAT  \\$aBATCH$b00$c20090401$lBLL01$h0201
=CAT  \\$aBATCH-CLA$b00$c20090529$lBLL01$h1732
=CAT  \\$aBATCH-UPD$b00$c20090701$lBLL01$h2007
=CAT  \\$aBATCH-UPD$b00$c20090701$lBLL01$h2038
=CAT  \\$aBATCH$b00$c20090701$lBLL01$h2059
=CAT  \\$aCDS08-UPD$b40$c20090903$lBLL01$h1747
=CAT  \\$aCDS08-UPD$b40$c20090909$lBLL01$h1821
=CAT  \\$aBATCH-UPD$b40$c20101201$lBLL01$h1243
=CAT  \\$aIPL-CLA$c20101231$lBLL01$h1448
=CAT  \\$a10932$b40$c20110120$lBLL01$h1138
=CAT  \\$a11205$b40$c20110705$lBLL01$h1132
=CAT  \\$aBATCH-UPD$b40$c20110907$lBLL01$h1821
=CAT  \\$aIPL-CLA$c20110908$lBLL01$h1736
=CAT  \\$aBATCH-CLA$b00$c20121109$lBLL01$h1743
=CAT  \\$a10806$b40$c20130124$lBLL01$h1124
=CAT  \\$aWR13.005$c20130323$lBLL01$h1227
=CAT  \\$aCDS15-UPD$b40$c20140821$lBLL01$h1642
=CAT  \\$a5552$b40$c20160531$lBLL01$h1337
=CAT  \\$aBATCH-UPD$b40$c20160531$lBLL01$h2206
=CAT  \\$aBLDSS-3PM$b00$c20160607$lBLL01$h1621
=CAT  \\$aBATCH-UPD$b00$c20160607$lBLL01$h1621
=CAT  \\$aW2011-1473$b00$c20201124$lBLL01$h1849
=CAT  \\$aBATCH-FIX$c20230511$lBLL01$h1628
=CFI  0\$aCurrent Copyright Fee: GBP22.00$c74\0$e31-may-2016$fGBP22.00$g0$hP$5Uk
=CFI  2\$aBritish Library not licensed to copy$c0$e07-sep-2011$hC$iTX$5Uk
=FFP  \\$aY$bBLDSS-3PM
=FIN  \\$aY
=LEO  \\$aMP10.0000622440
=LET  \0$aYearbook of international organizations. Volume 1, Organization descriptions and cross-references
=SRC  \\$aDSS01$bbibmp10.200404.2.aa
=SRC  \\$aDSS03$bbibsr.200404.2.aa
=TCO  \\$aXXX$c008
=UNO  \\$aY
=ACF  \\$aPrevious copyright fee: GBP10.50$c0$e01-jan-2011$fGBP10.50$g0$hA$5Uk
=ACF  \\$aPrevious Copyright Fee: GBP1.43$c0$e01-jul-2009$fGBP1.43$g0$hC$5Uk
=ACF  \\$aPrevious Copyright Fee: GBP1.43$c0$e01-apr-2009$fGBP1.43$g0$hC$5Uk
=ACF  \\$aPrevious Copyright Fee: GBP1.25$c0$e01-jan-2009$fGBP1.25$g0$hC$5Uk
=ACF  \\$aPrevious Copyright Fee: GBP1.00$c0$e01-oct-2008$fGBP1.00$g0$hC$5Uk
=ACF  \\$aPrevious copyright fee: GBP6.00$c0$e01-apr-2008$fGBP6.00$g0$hA$5Uk
=ACF  \\$aPrevious copyright fee: GBP5.00$c0$e01-jul-2002$fGBP5.00$g0$hA$5Uk
=ACF  \\$aCurrent copyright fee: GBP2.50$c0$e01-jul-1998$fGBP2.50$g0$hC$5Uk
=ACF  \\$aCurrent copyright fee: GBP2.30$c0$e01-apr-1997$fGBP2.30$g0$hC$5Uk
=LAS  \\$aBATCH-FIX$b00$c20230511$lBLL01$h1628

