=LDR  05721 am a2201333 a 4500
=001  009729015
=003  Uk
=005  20100119165253.0
=008  021213m20039999gw\a\\\\\b\\\\001\0\eng\\
=FMT  \\$a  BK
=010  \\$a2002030321
=015  \\$aGBA302411$2bnb
=016  7\$a009729015$2Uk
=019  y\$abA302411
=019  9\$a3540435042
=019  0\$as682647004
=019  a\$aG07849435
=019  y\$abA3X2445
=019  9\$a3540050426
=019  0\$as68837400x
=020  \\$a3540435042 (v. 1) :$cNo price
=020  \\$a3540050426 (v. 2) :$cNo price
=020  \\$a3540210504 (v. 3) :$cNo price
=020  \\$a3540232362 (v. 4) :$cNo price
=020  \\$a9783540286653 (v. 5) :$c£69.00
=020  \\$a3540286659 (v. 5) :$c£69.00
=020  \\$a9783540778943 (v. 6 : cased) :$cNo price
=020  \\$a9783540778950 (v. 6 : e-bk.) :$cNo price
=020  \\$a9783642039508 (v. 7 : cased) :$c£90.00
=020  \\$a3642039502 (v. 7 : cased) :$c£90.00
=020  \\$a9783642039515 (v. 7 : e-bk.) :$cNo price
=039  0\$a2722
=040  \\$aDLC$cDLC$dUk
=042  \\$aukblsr
=082  04$a621.381045$222
=245  00$aProgress in nano-electro-optics /$cMotoichi Ohtsu (ed.).
=260  \\$aBerlin ;$aLondon :$bSpringer,$c2003-
=300  \\$av. :$bill. ;$c24 cm.
=336  \\$atext$2rdacontent
=337  \\$aunmediated$2rdamedia
=338  \\$avolume$2rdacarrier
=490  0\$aSpringer series in optical sciences,$x0342-4111 ;$v86, 89, 96, 109, 117, 155
=505  1\$aI. Basics and theory of near-field optics -- II. Novel devices and atom manipulation -- III. Industrial applications and dynamics of the nano-optical system -- IV. Characterization of nano-optical materials and optical near-field interactions -- V. Nanophotonic fabrications, devices, systems, and their theoretical bases -- VI. Nano-optical probing, manipulation, analysis, and their theoretical bases -- VII. Chemical, biological and nanophotonic technologies for nano-optical devices and systems.
=504  \\$aIncludes bibliographical references and indexes.
=540  \\$aCurrent copyright fee: GBP19.00$c42\0$5Uk
=650  \0$aElectrooptics.
=650  \0$aNanotechnology.
=650  \0$aNear-field microscopy.
=700  1\$aOhtsu, Motoichi.
=856  \\$31850-9999$uhttp://www.springer.com/gb/$xBLDSS
=852  41$aBritish Library$bDSC$j8424.770000$i155
=852  41$aBritish Library$bDSC$ivol. 139
=852  41$aBritish Library$bDSC$ivol. 139
=852  41$aBritish Library$bDSC$j8424.770000$iNumber 109(2005)
=852  41$aBritish Library$bDSC$j8424.770000$ino. 117
=852  41$aBritish Library$bDSC$j8424.770000
=852  11$aBritish Library$bSTI$k(B)$h621.381045
=957  \\$a021212p
=957  \\$a030801p
=CAT  \\$aCONV$b00$c20040425$lBLL90$h0543
=CAT  \\$aBATCH-CLA$c20140528$lBLL01$h1728
=CAT  \\$aIPL-CLA$c20140630$lBLL01$h1704
=CAT  \\$aBLDSS-3PM$b00$c20150102$lBLL01$h1729
=CAT  \\$aBATCH-UPD$b00$c20150219$lBLL01$h1906
=CAT  \\$aIPL-CLA$c20150331$lBLL01$h1622
=CAT  \\$aBATCH-UPD$b00$c20150520$lBLL01$h1903
=CAT  \\$aIPL-CLA$c20150630$lBLL01$h1636
=CAT  \\$aBATCH-UPD$b00$c20150820$lBLL01$h1935
=CAT  \\$aIPL-CLA$c20150930$lBLL01$h1749
=CAT  \\$aBATCH-UPD$b00$c20160217$lBLL01$h1832
=CAT  \\$aIPL-CLA$c20160331$lBLL01$h1707
=CAT  \\$aBATCH-UPD$b00$c20160524$lBLL01$h2234
=CAT  \\$aBATCH-UPD$b00$c20160525$lBLL01$h0413
=CAT  \\$aWR16_021$c20160609$lBLL01$h1954
=CAT  \\$aBATCH-CLA$b00$c20160610$lBLL01$h0128
=CAT  \\$aBATCH-UPD$b00$c20160824$lBLL01$h1853
=CAT  \\$aIPL-CLA$c20160930$lBLL01$h1549
=CAT  \\$aBATCH-UPD$b00$c20170216$lBLL01$h1937
=CAT  \\$aIPL-CLA$c20170331$lBLL01$h1832
=CAT  \\$aBATCH-UPD$b00$c20170904$lBLL01$h1959
=CAT  \\$aIPL-CLA$c20170929$lBLL01$h1715
=CAT  \\$aBATCH-UPD$b00$c20180223$lBLL01$h1856
=CAT  \\$aIPL-CLA$c20180331$lBLL01$h1604
=CAT  \\$aBATCH-UPD$b00$c20180524$lBLL01$h1752
=CAT  \\$aIPL-CLA$c20180630$lBLL01$h1910
=CFI  0\$aCurrent copyright fee: GBP19.00$c42\0$e01-jul-2018$fGBP19.00$g0$hP$5Uk
=CFI  2\$aPrevious copyright fee: GBP21.39$c42\0$e01-apr-2018$fGBP21.39$g0$hP$5Uk
=FFP  \\$aY$bBLDSS-3PM
=FIN  \\$aY
=LEO  \\$aMP5.0000475573
=LEO  \\$aMP25.0000360694
=LEO  \\$aMP8.0001865276
=LEO  \\$aMP5.0000474452
=LEO  \\$aMP25.0000365898
=LEO  \\$aMP10.0000463542
=SRC  \\$aBNB03$bbibmp5.200404.2.aa
=SRC  \\$aDSS01$bbibmp10.200404.2.aa
=SRC  \\$aSRI01$bbibmp25.200404.2.aa
=SRC  \\$aLDS01$bbiblm.200404.2.aa
=SRC  \\$aDSC01$bbibmp8.200404.2.ac
=TCO  \\$aDEU$bVG WORT$c008
=UNO  \\$aY
=ACF  \\$aPrevious copyright fee: GBP22.00$c42\0$e12-aug-2012$fGBP22.00$g0$hP$5Uk
=ACF  \\$aPrevious copyright fee: GBP18.72$c42\0$e01-jan-2013$fGBP18.72$g0$hP$5Uk
=ACF  \\$aPrevious copyright fee: GBP19.32$c42\0$e01-jul-2013$fGBP19.32$g0$hP$5Uk
=ACF  \\$aPrevious copyright fee: GBP18.72$c42\0$e01-jan-2014$fGBP18.72$g0$hP$5Uk
=ACF  \\$aPrevious copyright fee: GBP18.15$c42\0$e01-jul-2014$fGBP18.15$g0$hP$5Uk
=ACF  \\$aPrevious copyright fee: GBP19.32$c42\0$e01-apr-2015$fGBP19.32$g0$hP$5Uk
=ACF  \\$aPrevious copyright fee: GBP19.97$c42\0$e01-jul-2015$fGBP19.97$g0$hP$5Uk
=ACF  \\$aPrevious copyright fee: GBP20.66$c42\0$e01-apr-2016$fGBP20.66$g0$hP$5Uk
=ACF  \\$aPrevious copyright fee: GBP22.19$c42\0$e01-oct-2016$fGBP22.19$g0$hP$5Uk
=ACF  \\$aPrevious copyright fee: GBP23.96$c42\0$e01-apr-2017$fGBP23.96$g0$hP$5Uk
=ACF  \\$aPrevious copyright fee: GBP23.04$c42\0$e01-oct-2017$fGBP23.04$g0$hP$5Uk
=LAS  \\$aIPL-CLA$b00$c20180630$lBLL01$h1910

