=LDR  02724cam a2200709 a 4500
=001  015169737
=003  Uk
=005  20211231172801.0
=008  090422s2009\\\\ne\af\\\\b\\\\001\0\eng|d
=FMT  \\$a  BK
=015  \\$aGBA941691$2bnb
=016  7\$a015169737$2Uk
=020  \\$a9780123744692 (hbk.) :$c£95.00
=020  \\$a0123744695 (hbk.) :$c£95.00
=040  \\$aStDuBDS$beng$cStDuBDS$dUk
=042  \\$aukblcatcopy
=082  04$a612.82$222
=245  00$aDevelopment of neural circuitry /$cedited by Oliver Hobert.
=260  \\$aAmsterdam ;$aLondon :$bAcademic Press,$c2009.
=300  \\$aix, 230 p. [12] p. of plates :$bill. ;$c24 cm.
=336  \\$atext$2rdacontent
=337  \\$aunmediated$2rdamedia
=338  \\$avolume$2rdacarrier
=490  0\$aCurrent topics in developmental biology ;$vv. 87
=504  \\$aIncludes bibliographical references and index.
=500  \\$aFormerly CIP.$5Uk
=540  \\$aCurrent copyright fee: GBP34.30$c5\1$5Uk
=650  \0$aNeural circuitry.
=650  \0$aNeural networks (Neurobiology)
=700  1\$aHobert, Oliver.
=856  \\$31850-9999$uhttp://www.elsevier.com/journals$xBLDSS
=852  71$aBritish Library$bSTI$k(P)$hCM 10$m-E(3)$iv. 87$2blsrissc
=852  41$aBritish Library$bDSC$j3504.880000$iv.87
=852  11$aBritish Library$bSTI$k612.82
=CAT  \\$aBATCH-CIPN$b00$c20090428$lBLL01$h1702
=CAT  \\$aBATCH$b00$c20090428$lBLL01$h1704
=CAT  \\$aBATCH$b00$c20090428$lBLL01$h1713
=CAT  \\$a9504$b40$c20090615$lBLL01$h1346
=CAT  \\$a9504$b40$c20090616$lBLL01$h1058
=CAT  \\$a11317$b40$c20090617$lBLL01$h1402
=CAT  \\$a9504$b40$c20090617$lBLL01$h1434
=CAT  \\$aBATCH-CLA$b00$c20130525$lBLL01$h1818
=CAT  \\$aBATCH-CLA$b00$c20130526$lBLL01$h1621
=CAT  \\$aBLDSS-3PM$b00$c20141222$lBLL01$h1719
=CAT  \\$aWR16_021$c20160624$lBLL01$h1816
=CAT  \\$aBATCH-UPD$b00$c20160624$lBLL01$h1954
=CAT  \\$aBATCH-UPD$b00$c20171121$lBLL01$h1751
=CAT  \\$aIPL-CLA$c20171231$lBLL01$h1750
=CAT  \\$aBATCH-UPD$b00$c20190521$lBLL01$h1443
=CAT  \\$aBATCH-CLA$b00$c20190522$lBLL01$h0205
=CAT  \\$aBATCH-CLA$b00$c20190522$lBLL01$h0241
=CAT  \\$aIPL-CLA$c20190630$lBLL01$h1542
=CAT  \\$aBATCH-UPD$b00$c20211119$lBLL01$h1559
=CAT  \\$aBATCH-CLA$b00$c20211120$lBLL01$h0135
=CAT  \\$aBATCH-CLA$b00$c20211120$lBLL01$h0214
=CAT  \\$aIPL-CLA$c20211231$lBLL01$h1728
=CFI  0\$aCurrent copyright fee: GBP34.30$c5\1$e01-jan-2022$fGBP34.30$g0$hP$5Uk
=CFI  2\$aPrevious copyright fee: GBP32.84$c5\1$e01-jul-2019$fGBP32.84$g0$hP$5Uk
=FFP  \\$aY$bBLDSS-3PM
=FIN  \\$aY$d20090615
=TCO  \\$aTRS$bCCC$c008
=LAS  \\$aIPL-CLA$b00$c20211231$lBLL01$h1728

