=LDR  02983cam a2200745 i 4500
=001  016872609
=003  Uk
=005  20211231173443.0
=008  140915s2014\\\\ne\a\\\\\b\\\\001|0|eng|d
=FMT  \\$a  BK
=015  \\$aGBB4A1724$2bnb
=016  7\$a016872609$2Uk
=020  \\$a9780128002827 (hbk.) :$c£155.00
=020  \\$z9780128003381 (PDF ebook) :$c£155.00
=040  \\$aStDuBDS$beng$cStDuBDS$dUk$erda
=042  \\$aukblcatcopy
=082  04$a612.822$223
=245  00$aPharmacology of the blood brain barrier :$btargeting CNS disorders /$cedited by Thomas P. Davis.
=264  \1$aAmsterdam :$bAcademic Press,$c2014.
=300  \\$axvi, 495 pages :$billustrations ;$c24 cm.
=336  \\$atext$2rdacontent
=337  \\$aunmediated$2rdamedia
=338  \\$avolume$2rdacarrier
=490  0\$aAdvances in pharmacology ;$vvolume seventy one
=504  \\$aIncludes bibliographical references and index.
=500  \\$aFormerly CIP.$5Uk
=540  \\$aCurrent copyright fee: GBP34.30$c5\1$5Uk
=650  \0$aBlood-brain barrier$xEffect of drugs on.
=650  \0$aNervous system$xDegeneration$xChemotherapy.
=700  1\$aDavis, Thomas P.$c(Pharmacologist),$eeditor.
=776  08$iebook version:$z9780128003381
=856  \\$31850-9999$uhttp://www.elsevier.com/journals$xBLDSS
=852  41$aBritish Library$bDSC$j0709.760000
=852  71$aBritish Library$bSTI$k(P)$hHD 80$m-E(20)$2blsrissc
=852  11$aBritish Library$bSTI$k(B)612.822
=CAT  \\$aBATCH-CIPN$b00$c20140923$lBLL01$h1700
=CAT  \\$a7164$b40$c20141027$lBLL01$h1146
=CAT  \\$aBATCH-CLA$b00$c20141028$lBLL01$h0037
=CAT  \\$a8962$b40$c20141030$lBLL01$h1235
=CAT  \\$aBATCH-CLA$b00$c20141031$lBLL01$h0038
=CAT  \\$aBLDSS-3PM$b00$c20141222$lBLL01$h1722
=CAT  \\$aBATCH-CLA$b00$c20141223$lBLL01$h0122
=CAT  \\$aBATCH-UPD$b00$c20150422$lBLL01$h1110
=CAT  \\$aBATCH-CLA$b00$c20150423$lBLL01$h0034
=CAT  \\$aWR16_021$c20160715$lBLL01$h1818
=CAT  \\$aBATCH-UPD$b00$c20160715$lBLL01$h2014
=CAT  \\$aBATCH-CLA$b00$c20160716$lBLL01$h0116
=CAT  \\$aW1611-0866$c20161123$lBLL01$h1748
=CAT  \\$aBATCH-CLA$b00$c20161124$lBLL01$h0120
=CAT  \\$aBATCH-UPD$b00$c20171121$lBLL01$h1755
=CAT  \\$aIPL-CLA$c20171231$lBLL01$h1826
=CAT  \\$aBATCH-UPD$b00$c20190521$lBLL01$h1446
=CAT  \\$aBATCH-CLA$b00$c20190522$lBLL01$h0215
=CAT  \\$aBATCH-CLA$b00$c20190522$lBLL01$h0242
=CAT  \\$aIPL-CLA$c20190630$lBLL01$h1548
=CAT  \\$aBATCH-UPD$b00$c20211119$lBLL01$h1603
=CAT  \\$aBATCH-CLA$b00$c20211120$lBLL01$h0147
=CAT  \\$aBATCH-CLA$b00$c20211120$lBLL01$h0216
=CAT  \\$aIPL-CLA$c20211231$lBLL01$h1734
=CFI  0\$aCurrent copyright fee: GBP34.30$c5\1$e01-jan-2022$fGBP34.30$g0$hP$5Uk
=CFI  2\$aPrevious copyright fee: GBP32.84$c5\1$e01-jul-2019$fGBP32.84$g0$hP$5Uk
=FFP  \\$aY$bBLDSS-3PM
=FIN  \\$aY$d20141027
=TCO  \\$aCLA$bCLA$c008
=LAS  \\$aIPL-CLA$b00$c20211231$lBLL01$h1734

