=LDR  04521cam a2201057 a 4500
=001  013609437
=003  Uk
=005  20230924063308.0
=008  061110m20062009ne\a\\\\\b\\\\001\0\eng\d
=FMT  \\$a  BK
=010  \\$a2006926454
=015  \\$aGBA699679$2bnb
=020  \\$a9780387345994 (v. 1 : cased) :$cNo price
=020  \\$a038734599X (v. 1 : cased) :$cNo price
=020  \\$a038734599X (v. 1 : e-bk.) :$cNo price
=020  \\$a9781441901484 (v. 2 : cased) :$cNo price
=020  \\$a9781441901491 (v. 2 : e-bk.) :$cNo price
=024  3\$a9780387345994
=035  \\$a(OCoLC)75926736
=040  \\$aOHX$beng$cOHX$dBAKER$dUk
=042  \\$aukblsr
=072  \7$aQC$2lcco
=072  \7$aTK$2lcco
=082  04$a537$222
=100  10$aOughstun, Kurt Edmund,$d1949-
=245  10$aElectromagnetic and optical pulse propagation /$cKurt E. Oughstun.
=260  \\$aDordrecht ;$aLondon :$bSpringer,$c2006-2009.
=300  \\$a2 v. :$bill. ;$c25 cm.
=336  \\$atext$2rdacontent
=337  \\$aunmediated$2rdamedia
=338  \\$avolume$2rdacarrier
=490  0\$aSpringer series in optical sciences,$x0342-4111 ;$v125, 144
=505  0\$a1. Spectral representations in temporally dispersive media -- 2. Temporal pulse dynamics in dispersive, attenuative media.
=504  \\$aIncludes bibliographical references and indexes.
=540  \\$aCurrent copyright fee: GBP19.00$c42\0$5Uk
=650  \0$aElectromagnetic theory.
=650  \0$aElectromagnetic pulse.
=650  \0$aPulse techniques (Electronics)
=650  \0$aOptical resonance.
=856  \\$31850-9999$uhttp://www.springer.com/gb/$xBLDSS
=852  11$aBritish Library$bSTI$k(B)$h537$iv. 144
=852  41$aBritish Library$bDSC$j8424.770000$iv. 144
=852  11$aBritish Library$bSTI$ivol. 2
=852  11$aBritish Library$bSTI$k(B)$h537.5$i125
=852  41$aBritish Library$bDSC$j8424.770000$ino. 125
=CAT  \\$a7233$b40$c20061122$lBLL01$h1551
=CAT  \\$aBATCH-CLA$c20140528$lBLL01$h1746
=CAT  \\$aIPL-CLA$c20140630$lBLL01$h1730
=CAT  \\$aBLDSS-3PM$b00$c20150102$lBLL01$h1731
=CAT  \\$aBATCH-UPD$b00$c20150102$lBLL01$h2356
=CAT  \\$aBATCH-UPD$b00$c20150219$lBLL01$h1912
=CAT  \\$aIPL-CLA$c20150331$lBLL01$h1646
=CAT  \\$aBATCH-UPD$b00$c20150520$lBLL01$h1909
=CAT  \\$aIPL-CLA$c20150630$lBLL01$h1653
=CAT  \\$aBATCH-UPD$b00$c20150820$lBLL01$h1941
=CAT  \\$aIPL-CLA$c20150930$lBLL01$h1815
=CAT  \\$aBATCH-UPD$b00$c20160217$lBLL01$h1839
=CAT  \\$aIPL-CLA$c20160331$lBLL01$h1737
=CAT  \\$aBATCH-UPD$b00$c20160524$lBLL01$h2241
=CAT  \\$aBATCH-UPD$b00$c20160525$lBLL01$h0454
=CAT  \\$aBATCH-UPD$b00$c20160824$lBLL01$h1858
=CAT  \\$aIPL-CLA$c20160930$lBLL01$h1610
=CAT  \\$aBATCH-UPD$b00$c20170216$lBLL01$h1943
=CAT  \\$aIPL-CLA$c20170331$lBLL01$h1850
=CAT  \\$aW1707-0052$c20170703$lBLL01$h1850
=CAT  \\$aBATCH-UPD$b00$c20170904$lBLL01$h2007
=CAT  \\$aIPL-CLA$c20170929$lBLL01$h1735
=CAT  \\$aBATCH-UPD$b00$c20180223$lBLL01$h1904
=CAT  \\$aIPL-CLA$c20180331$lBLL01$h1627
=CAT  \\$aBATCH-UPD$b00$c20180524$lBLL01$h1756
=CAT  \\$aIPL-CLA$c20180630$lBLL01$h1920
=CAT  \\$aW2308-1659$c20230923$lBLL01$h1032
=CAT  \\$aBATCH-CLA$b00$c20230924$lBLL01$h0633
=CFI  0\$aCurrent copyright fee: GBP19.00$c42\0$e01-jul-2018$fGBP19.00$g0$hP$5Uk
=FFP  \\$aY$bBLDSS-3PM
=FIN  \\$aY$d20061124
=SID  \\$aZ39$bOCLC
=TCO  \\$aDEU$bVG WORT$c008
=UNO  \\$aY
=ACF  \\$aPrevious copyright fee: GBP18.72$c42\0$e01-jan-2013$fGBP18.72$g0$hP$5Uk
=ACF  \\$aPrevious copyright fee: GBP19.32$c42\0$e01-jul-2013$fGBP19.32$g0$hP$5Uk
=ACF  \\$aPrevious copyright fee: GBP18.72$c42\0$e01-jan-2014$fGBP18.72$g0$hP$5Uk
=ACF  \\$aPrevious copyright fee: GBP18.15$c42\0$e01-jul-2014$fGBP18.15$g0$hP$5Uk
=ACF  \\$aPrevious copyright fee: GBP19.32$c42\0$e01-apr-2015$fGBP19.32$g0$hP$5Uk
=ACF  \\$aPrevious copyright fee: GBP19.97$c42\0$e01-jul-2015$fGBP19.97$g0$hP$5Uk
=ACF  \\$aPrevious copyright fee: GBP19.32$c42\0$e01-oct-2015$fGBP19.32$g0$hP$5Uk
=ACF  \\$aPrevious copyright fee: GBP20.66$c42\0$e01-apr-2016$fGBP20.66$g0$hP$5Uk
=ACF  \\$aPrevious copyright fee: GBP22.19$c42\0$e01-oct-2016$fGBP22.19$g0$hP$5Uk
=ACF  \\$aPrevious copyright fee: GBP23.96$c42\0$e01-apr-2017$fGBP23.96$g0$hP$5Uk
=ACF  \\$aPrevious copyright fee: GBP23.04$c42\0$e01-oct-2017$fGBP23.04$g0$hP$5Uk
=LAS  \\$aBATCH-CLA$b00$c20230924$lBLL01$h0633

