=LDR  04368cam a2201021 a 4500
=001  015356397
=003  Uk
=005  20091222085659.0
=008  090417s2009\\\\ne\a\\\\\b\\\\001\0\eng\\
=FMT  \\$a  BK
=010  \\$a2009926989
=015  \\$aGBA991874$2bnb
=016  7\$a015356397$2Uk
=020  \\$a9781934115664 (v. 1 : cased) :$cNo price
=020  \\$a9781597455275 (v. 1 : e-bk.)
=020  \\$a9781607611028 (v. 2 : cased) :$cNo price
=020  \\$a9781607611035 (v. 2 : e-bk.)
=035  \\$a(DLC)15702979
=035  \\$a(DLC)2009926989
=040  \\$aDLC$beng$cDLC$dUk
=042  \\$aukblsr
=082  04$a571.845$222
=245  00$aMeiosis /$cedited by Scott Keeney.
=260  \\$aDordrecht ;$aLondon :$bSpringer,$cc2009.
=300  \\$a2 v. :$bill. (some col.) ;$c27 cm. +$e1 CD-ROM.
=336  \\$atext$2rdacontent
=337  \\$aunmediated$2rdamedia
=338  \\$avolume$2rdacarrier
=490  0\$aSpringer protocols
=490  0\$aMethods in molecular biology,$x1064-3745 ;$v557-558
=500  \\$aCD-ROM in pocket attached to inside back cover of vol. 2.
=505  0\$av. 1. Molecular and genetic methods -- v. 2. Cytological methods.
=504  \\$aIncludes bibliographical references and indexes.
=540  \\$aCurrent copyright fee: GBP19.00$c42\0$5Uk
=650  \0$aMeiosis.
=700  1\$aKeeney, Scott.
=856  \\$31850-9999$uhttp://www.springer.com/gb/$xBLDSS
=852  11$aBritish Library$bSTI$k(B)$h571.845
=852  41$aBritish Library$bDSC$j5748.201800V$iv. 558
=852  41$aBritish Library$bHMNTS$ivol. 1
=852  11$aBritish Library$bSTI$k(TB)$h571.845$3Accompanying CD-ROM
=852  41$aBritish Library$bDSC$j5748.201800$iv. 557
=CAT  \\$a3563$b40$c20090825$lBLL01$h1605
=CAT  \\$aBATCH-UPD$b00$c20140527$lBLL01$h2234
=CAT  \\$aBATCH-CLA$c20140528$lBLL01$h1801
=CAT  \\$aIPL-CLA$c20140630$lBLL01$h1745
=CAT  \\$aBLDSS-3PM$b00$c20150102$lBLL01$h1733
=CAT  \\$aBATCH-UPD$b00$c20150219$lBLL01$h1919
=CAT  \\$aIPL-CLA$c20150331$lBLL01$h1705
=CAT  \\$aBATCH-UPD$b00$c20150520$lBLL01$h1918
=CAT  \\$aIPL-CLA$c20150630$lBLL01$h1708
=CAT  \\$aBATCH-UPD$b00$c20150820$lBLL01$h1948
=CAT  \\$aIPL-CLA$c20150930$lBLL01$h1833
=CAT  \\$aBATCH-UPD$b00$c20160217$lBLL01$h1846
=CAT  \\$aIPL-CLA$c20160331$lBLL01$h1756
=CAT  \\$aBATCH-UPD$b00$c20160524$lBLL01$h2247
=CAT  \\$aBATCH-UPD$b00$c20160525$lBLL01$h0527
=CAT  \\$aWR16_021$c20160625$lBLL01$h1804
=CAT  \\$aBATCH-UPD$b00$c20160824$lBLL01$h1904
=CAT  \\$aIPL-CLA$c20160930$lBLL01$h1626
=CAT  \\$aBATCH-UPD$b00$c20170216$lBLL01$h1948
=CAT  \\$aIPL-CLA$c20170331$lBLL01$h1903
=CAT  \\$aBATCH-UPD$b00$c20170904$lBLL01$h2015
=CAT  \\$aIPL-CLA$c20170929$lBLL01$h1750
=CAT  \\$aBATCH-UPD$b00$c20180223$lBLL01$h1912
=CAT  \\$aIPL-CLA$c20180331$lBLL01$h1644
=CAT  \\$aBATCH-UPD$b00$c20180524$lBLL01$h1801
=CAT  \\$aIPL-CLA$c20180630$lBLL01$h1929
=CAT  \\$aW2308-1659$c20230923$lBLL01$h1046
=CFI  0\$aCurrent copyright fee: GBP19.00$c42\0$e01-jul-2018$fGBP19.00$g0$hP$5Uk
=CFI  2\$aPrevious copyright fee: GBP21.39$c42\0$e01-apr-2018$fGBP21.39$g0$hP$5Uk
=FFP  \\$aY$bBLDSS-3PM
=FIN  \\$aY$d20090921
=SID  \\$aZ39$bLOC
=TCO  \\$aNLD$bSTICHTING REPRORECHT$c008
=UNO  \\$aY
=ACF  \\$aPrevious copyright fee: GBP18.72$c42\0$e01-jan-2013$fGBP18.72$g0$hP$5Uk
=ACF  \\$aPrevious copyright fee: GBP19.32$c42\0$e01-jul-2013$fGBP19.32$g0$hP$5Uk
=ACF  \\$aPrevious copyright fee: GBP18.72$c42\0$e01-jan-2014$fGBP18.72$g0$hP$5Uk
=ACF  \\$aPrevious copyright fee: GBP18.15$c42\0$e01-jul-2014$fGBP18.15$g0$hP$5Uk
=ACF  \\$aPrevious copyright fee: GBP19.32$c42\0$e01-apr-2015$fGBP19.32$g0$hP$5Uk
=ACF  \\$aPrevious copyright fee: GBP19.97$c42\0$e01-jul-2015$fGBP19.97$g0$hP$5Uk
=ACF  \\$aPrevious copyright fee: GBP19.32$c42\0$e01-oct-2015$fGBP19.32$g0$hP$5Uk
=ACF  \\$aPrevious copyright fee: GBP20.66$c42\0$e01-apr-2016$fGBP20.66$g0$hP$5Uk
=ACF  \\$aPrevious copyright fee: GBP22.19$c42\0$e01-oct-2016$fGBP22.19$g0$hP$5Uk
=ACF  \\$aPrevious copyright fee: GBP23.96$c42\0$e01-apr-2017$fGBP23.96$g0$hP$5Uk
=ACF  \\$aPrevious copyright fee: GBP23.04$c42\0$e01-oct-2017$fGBP23.04$g0$hP$5Uk
=LAS  \\$aW2308-1659$b00$c20230923$lBLL01$h1046

