=LDR  03151cam a2200829 a 4500
=001  015610821
=003  Uk
=005  20211231173022.0
=008  100720s2010\\\\xxua\\\\\b\\\\001\0\eng|d
=FMT  \\$a  BK
=015  \\$aGBB089084$2bnb
=016  7\$a015610821$2Uk
=020  \\$a9780123808660 (pt. A) :$c£95.00
=020  \\$a0123808669 (pt. A) :$c£95.00
=020  \\$a9780123808646 (pt. B) :$c£95.00
=020  \\$a0123808642 (pt. B) :$c£95.00
=040  \\$aStDuBDS$beng$cStDuBDS$dUk
=042  \\$aukblsr
=082  04$a616.994042$222
=245  00$aEpigenetics and cancer /$cedited by Zdenko Herceg, Toshikazu Ushijima.
=260  \\$aSan Diego :$bAcademic,$c2010.
=300  \\$a2 v. :$bill. ;$c24 cm.
=336  \\$atext$2rdacontent
=337  \\$aunmediated$2rdamedia
=338  \\$avolume$2rdacarrier
=490  0\$aAdvances in genetics,$x0065-2660 ;$vv. 71-72
=504  \\$aIncludes bibliographical references and indexes.
=500  \\$aFormerly CIP.$5Uk
=540  \\$aCurrent copyright fee: GBP34.30$c5\1$5Uk
=650  \0$aCancer$xGenetic aspects.
=650  \0$aEpigenesis.
=650  \0$aCarcinogenesis.
=700  1\$aHerceg, Zdenko.
=700  1\$aUshijima, Toshikazu.
=856  \\$31850-9999$uhttp://www.elsevier.com/journals$xBLDSS
=852  41$aBritish Library$bDSC$j0708.000000
=852  71$aBritish Library$bSTI$k(P)$hCJ 00$m-E(2)$2blsrissc
=852  41$aBritish Library$bDSC$j0708.000000
=852  71$aBritish Library$bSTI$k(P)$hCJ 00$m-E(2)$2blsrissc
=852  41$aBritish Library$bDSC$ipt. A
=852  41$aBritish Library$bDSC$ipt. B
=CAT  \\$aBATCH-CIPN$b00$c20100727$lBLL01$h1700
=CAT  \\$a7164$b40$c20110303$lBLL01$h1315
=CAT  \\$a7164$b40$c20110303$lBLL01$h1316
=CAT  \\$a6989$b40$c20110310$lBLL01$h1616
=CAT  \\$aBATCH-CLA$b00$c20120928$lBLL01$h1826
=CAT  \\$aBATCH-CLA$b00$c20120930$lBLL01$h1028
=CAT  \\$aBATCH-CLA$b00$c20121220$lBLL01$h1325
=CAT  \\$aIPL-CLA$c20121231$lBLL01$h1329
=CAT  \\$aIPL-CLA$c20130102$lBLL01$h1803
=CAT  \\$aBATCH-CLA$b00$c20130508$lBLL01$h0711
=CAT  \\$aBLDSS-3PM$b00$c20141222$lBLL01$h1720
=CAT  \\$aBATCH-UPD$b00$c20160608$lBLL01$h1437
=CAT  \\$aBATCH-CLA$b00$c20160609$lBLL01$h0125
=CAT  \\$aWR16_021$c20160628$lBLL01$h1811
=CAT  \\$aBATCH-CLA$b00$c20160629$lBLL01$h0144
=CAT  \\$aBATCH-UPD$b00$c20171121$lBLL01$h1753
=CAT  \\$aIPL-CLA$c20171231$lBLL01$h1802
=CAT  \\$aBATCH-UPD$b00$c20190521$lBLL01$h1444
=CAT  \\$aBATCH-CLA$b00$c20190522$lBLL01$h0212
=CAT  \\$aBATCH-CLA$b00$c20190522$lBLL01$h0241
=CAT  \\$aIPL-CLA$c20190630$lBLL01$h1544
=CAT  \\$aBATCH-UPD$b00$c20211119$lBLL01$h1600
=CAT  \\$aBATCH-CLA$b00$c20211120$lBLL01$h0143
=CAT  \\$aBATCH-CLA$b00$c20211120$lBLL01$h0215
=CAT  \\$aIPL-CLA$c20211231$lBLL01$h1730
=CFI  0\$aCurrent copyright fee: GBP34.30$c5\1$e01-jan-2022$fGBP34.30$g0$hP$5Uk
=CFI  2\$aPrevious copyright fee: GBP32.84$c5\1$e01-jul-2019$fGBP32.84$g0$hP$5Uk
=FFP  \\$aY$bBLDSS-3PM
=FIN  \\$aY$d20110310
=TCO  \\$aTRS$bCCC$c008
=LAS  \\$aIPL-CLA$b00$c20211231$lBLL01$h1730

