=LDR  03449cam a2200853 a 4500
=001  015668266
=003  Uk
=005  20211231173042.0
=008  101004s2011\\\\xxua\\\\\b\\\|001\0\eng|d
=FMT  \\$a  BK
=015  \\$aGBB0C1573$2bnb
=016  7\$a015668266$2Uk
=020  \\$a9780123812940 (pt. A) :$c£111.00
=020  \\$a0123812941 (pt. A) :$c£111.00
=020  \\$a9780123864895 (pt. B) :$c£115.00
=020  \\$a0123864895 (pt. B) :$c£115.00
=040  \\$aStDuBDS$beng$cStDuBDS$dUk
=042  \\$aukblsr
=082  04$a572.545072$222
=245  00$aResearch on nitrification and related processes /$cedited by Martin G. Klotz.
=260  \\$aSan Diego :$bAcademic,$c2011.
=300  \\$a2 v. :$bill. (some col.) ;$c24 cm.
=336  \\$atext$2rdacontent
=337  \\$aunmediated$2rdamedia
=338  \\$avolume$2rdacarrier
=490  0\$aMethods in enzymology,$x0076-6879 ;$vv. 486, 496
=500  \\$aPt. B / edited by Martin G. Klotz, Lisa Y. Stein.
=504  \\$aIncludes bibliographical references and indexes.
=500  \\$aFormerly CIP.$5Uk
=540  \\$aCurrent copyright fee: GBP34.30$c5\1$5Uk
=650  \0$aNitrification$xResearch$xMethodology.
=650  \0$aNitrogen$xFixation$xResearch$xMethodology.
=700  1\$aKlotz, Martin G.
=700  1\$aStein, Lisa Y.$q(Lisa Yael).
=856  \\$31850-9999$uhttp://www.elsevier.com/journals$xBLDSS
=852  71$aBritish Library$bSTI$cRES$k(XP)$hKG 01$m-E(5)$2blsrissc
=852  41$aBritish Library$bDSC$j5748.060000
=852  71$aBritish Library$bSTI$k(P)$hKG 01$m-E(2)$2blsrissc
=852  71$aBritish Library$bSTI$cRES$k(XP)$hKG 01$m-E(5)$2blsrissc
=852  41$aBritish Library$bDSC$j5748.060000
=852  71$aBritish Library$bSTI$k(P)$hKG 01$m-E(2)$2blsrissc
=852  41$aBritish Library$bDSC$ipt. A
=CAT  \\$aBATCH-CIPN$b00$c20101012$lBLL01$h1700
=CAT  \\$a7164$b40$c20110303$lBLL01$h1702
=CAT  \\$a6989$b40$c20110310$lBLL01$h1705
=CAT  \\$a11250$b40$c20110630$lBLL01$h0907
=CAT  \\$a11250$b40$c20110630$lBLL01$h0912
=CAT  \\$aBATCH-CLA$b00$c20120928$lBLL01$h1838
=CAT  \\$aBATCH-CLA$b00$c20120930$lBLL01$h1048
=CAT  \\$aBATCH-UPD$b00$c20121121$lBLL01$h1659
=CAT  \\$aIPL-CLA$c20121231$lBLL01$h1329
=CAT  \\$aIPL-CLA$c20130102$lBLL01$h1804
=CAT  \\$aBATCH-CLA$b00$c20130508$lBLL01$h0735
=CAT  \\$aBLDSS-3PM$b00$c20141222$lBLL01$h1720
=CAT  \\$aBATCH-UPD$b00$c20160609$lBLL01$h0940
=CAT  \\$aWR16_021$c20160630$lBLL01$h1803
=CAT  \\$aBATCH-CLA$b00$c20160701$lBLL01$h0113
=CAT  \\$aBATCH-UPD$b00$c20170206$lBLL01$h1525
=CAT  \\$aBATCH-CLA$b00$c20170207$lBLL01$h0133
=CAT  \\$aBATCH-UPD$b00$c20171121$lBLL01$h1753
=CAT  \\$aIPL-CLA$c20171231$lBLL01$h1804
=CAT  \\$aBATCH-UPD$b00$c20190521$lBLL01$h1444
=CAT  \\$aBATCH-CLA$b00$c20190522$lBLL01$h0225
=CAT  \\$aBATCH-CLA$b00$c20190522$lBLL01$h0241
=CAT  \\$aIPL-CLA$c20190630$lBLL01$h1545
=CAT  \\$aBATCH-UPD$b00$c20211119$lBLL01$h1601
=CAT  \\$aIPL-CLA$c20211231$lBLL01$h1730
=CFI  0\$aCurrent copyright fee: GBP34.30$c5\1$e01-jan-2022$fGBP34.30$g0$hP$5Uk
=CFI  2\$aPrevious copyright fee: GBP32.84$c5\1$e01-jul-2019$fGBP32.84$g0$hP$5Uk
=FFP  \\$aY$bBLDSS-3PM
=FIN  \\$aY$d20110310
=TCO  \\$aTRS$bCCC$c008
=ACF  \\$aPrevious copyright fee: GBP23.40$c5\1$e01-jan-2018$fGBP23.40$g0$hP$5Uk
=LAS  \\$aIPL-CLA$b00$c20211231$lBLL01$h1730

