=LDR  04875 am a2201045 a 4500
=001  015707430
=003  Uk
=005  20101214154006.0
=008  101115s2010\\\\gw\a\\\\\b\\\|1|1\0|eng|d
=015  \\$aGBB0E3648$2bnb
=020  \\$a9783642165832 (v. 1 : pbk.)
=020  \\$a3642165834 (v. 1 : pbk.)
=020  \\$a9783642165863 (v. 2 : pbk.)
=020  \\$a3642165869 (v. 2 : pbk.)
=040  \\$aStDuBDS$beng$cStDuBDS$dUk
=042  \\$aukblsr
=082  04$a006.3$222
=111  2\$aICIRA (Conference)$n(3rd :$d2010 :$cShanghai, China)
=245  10$aIntelligent robotics and applications :$bthird international conference, ICIRA 2010, Shanghai, China, November 10-12, 2010 : proceedings /$cedited by Honghai Liu ... [et al.].
=260  \\$aBerlin :$bSpringer,$cc2010.
=300  \\$a2 v. :$bill. ;$c24 cm.
=336  \\$atext$2rdacontent
=337  \\$aunmediated$2rdamedia
=338  \\$avolume$2rdacarrier
=490  1\$aLecture notes in computer science,$x0302-9743 ;$v6424-6425.$aLecture notes in artificial intelligence
=490  1\$aLNCS sublibrary. SL 7, Artificial intelligence
=504  \\$aIncludes bibliographical references and index.
=540  \\$aCurrent copyright fee: GBP19.00$c42\0$5Uk
=591  \\$aPapers.
=650  \0$aRobotics$vCongresses.
=650  \0$aRobots$xProgramming$vCongresses.
=650  \0$aArtificial intelligence$vCongresses.
=653  1\$aIntelligent robotics
=653  1\$aICIRA
=700  1\$aLiu, Honghai$c(Professor of Intelligent Systems)
=830  \0$aLecture notes in computer science,$x0302-9743 ;$v6424-6425.
=830  \0$aLecture notes in computer science.$pLecture notes in artificial intelligence.
=830  \0$aLNCS sublibrary.$nSL 7,$pArtificial intelligence.
=852  71$aBritish Library$bSTI$2blsrissc
=852  71$aBritish Library$bSTI$k(P)$hPL 50$m-E(30)$i6424$2blsrissc
=852  41$aBritish Library$bDSC$j5180.185000$ino. 6424 (2010)
=852  41$aBritish Library$bDSC$j5180.185000$ino. 6425 (2010)
=856  \\$31850-9999$uhttp://www.springer.com/gb/$xBLDSS
=945  \\$aLecture notes in computer science, ISSN 0302-9743 ; [nos] 6424-6425 2010
=ACF  \\$aPrevious copyright fee: GBP18.72$c42\0$e01-jan-2013$fGBP18.72$g0$hP$5Uk
=ACF  \\$aPrevious copyright fee: GBP19.32$c42\0$e01-jul-2013$fGBP19.32$g0$hP$5Uk
=ACF  \\$aPrevious copyright fee: GBP18.72$c42\0$e01-jan-2014$fGBP18.72$g0$hP$5Uk
=ACF  \\$aPrevious copyright fee: GBP18.15$c42\0$e01-jul-2014$fGBP18.15$g0$hP$5Uk
=ACF  \\$aPrevious copyright fee: GBP19.32$c42\0$e01-apr-2015$fGBP19.32$g0$hP$5Uk
=ACF  \\$aPrevious copyright fee: GBP19.97$c42\0$e01-jul-2015$fGBP19.97$g0$hP$5Uk
=ACF  \\$aPrevious copyright fee: GBP19.32$c42\0$e01-oct-2015$fGBP19.32$g0$hP$5Uk
=ACF  \\$aPrevious copyright fee: GBP20.66$c42\0$e01-apr-2016$fGBP20.66$g0$hP$5Uk
=ACF  \\$aPrevious copyright fee: GBP22.19$c42\0$e01-oct-2016$fGBP22.19$g0$hP$5Uk
=ACF  \\$aPrevious copyright fee: GBP23.96$c42\0$e01-apr-2017$fGBP23.96$g0$hP$5Uk
=ACF  \\$aPrevious copyright fee: GBP23.04$c42\0$e01-oct-2017$fGBP23.04$g0$hP$5Uk
=CAT  \\$aBATCH-CIPE$b00$c20101130$lBLL01$h1701
=CAT  \\$aBATCH-UPD$b00$c20140527$lBLL01$h2236
=CAT  \\$aBATCH-CLA$c20140528$lBLL01$h1806
=CAT  \\$aIPL-CLA$c20140630$lBLL01$h1750
=CAT  \\$aBLDSS-3PM$b00$c20150102$lBLL01$h1734
=CAT  \\$aBATCH-UPD$b00$c20150219$lBLL01$h1921
=CAT  \\$aIPL-CLA$c20150331$lBLL01$h1711
=CAT  \\$aBATCH-UPD$b00$c20150520$lBLL01$h1920
=CAT  \\$aBATCH-UPD$b00$c20150521$lBLL01$h1430
=CAT  \\$aIPL-CLA$c20150630$lBLL01$h1713
=CAT  \\$aBATCH-UPD$b00$c20150820$lBLL01$h1950
=CAT  \\$aIPL-CLA$c20150930$lBLL01$h1839
=CAT  \\$aBATCH-UPD$b00$c20160217$lBLL01$h1848
=CAT  \\$aIPL-CLA$c20160331$lBLL01$h1802
=CAT  \\$aBATCH-UPD$b00$c20160524$lBLL01$h2250
=CAT  \\$aBATCH-UPD$b00$c20160525$lBLL01$h0540
=CAT  \\$aBATCH-UPD$b00$c20160824$lBLL01$h1906
=CAT  \\$aIPL-CLA$c20160930$lBLL01$h1631
=CAT  \\$aBATCH-UPD$b00$c20170216$lBLL01$h1950
=CAT  \\$aIPL-CLA$c20170331$lBLL01$h1908
=CAT  \\$aBATCH-UPD$b00$c20170904$lBLL01$h2018
=CAT  \\$aIPL-CLA$c20170929$lBLL01$h1754
=CAT  \\$aBATCH-UPD$b00$c20180223$lBLL01$h1915
=CAT  \\$aIPL-CLA$c20180331$lBLL01$h1652
=CAT  \\$aBATCH-UPD$b00$c20180524$lBLL01$h1802
=CAT  \\$aIPL-CLA$c20180630$lBLL01$h1932
=CFI  0\$aCurrent copyright fee: GBP19.00$c42\0$e01-jul-2018$fGBP19.00$g0$hP$5Uk
=CFI  2\$aPrevious copyright fee: GBP21.39$c42\0$e01-apr-2018$fGBP21.39$g0$hP$5Uk
=CNF  \\$aIntelligent Robotics and Applications (International conference)$n(3rd :$d2010 Nov :$cShanghai, China)
=FFP  \\$aY$bBLDSS-3PM
=FIN  \\$aY$d20101202
=FMT  \\$a  BK
=LAS  \\$aIPL-CLA$b00$c20180630$lBLL01$h1932
=TCO  \\$aDEU$bVG WORT$c008
=UNO  \\$aY

