=LDR  04469cam a2200997 a 4500
=001  015900344
=003  Uk
=005  20111107165642.0
=008  110923s2011\\\\gw\a\\\\\b\\\|0|1\0|eng|d
=FMT  \\$a  BK
=015  \\$aGBB1B4145$2bnb
=016  7\$a015900344$2Uk
=020  \\$a9783642231131 (v. 1) :$c£171.00
=020  \\$a3642231136 (v. 1) :$c£171.00
=020  \\$a9783642240607 (v. 2) :$c£171.00
=020  \\$a3642240607 (v. 2) :$c£171.00
=040  \\$aStDuBDS$beng$cStDuBDS$dUk
=042  \\$aukblsr
=082  04$a660.63$223
=245  00$aChitosan for biomaterials /$cvolume editors, R. Jayakumar, M. Prabaharan, R.A.A. Muzzarelli.
=260  \\$aHeidelberg ;$aLondon :$bSpringer,$cc2011.
=300  \\$a2 v. :$bill. (some col.) ;$c24 cm.
=336  \\$atext$2rdacontent
=337  \\$aunmediated$2rdamedia
=338  \\$avolume$2rdacarrier
=490  0\$aAdvances in polymer science,$x0065-3195 ;$v243-244
=505  0\$av. 1 / with contributions by H. Arami ... [et al.] -- v. 2 / with contributions by J.D. Bumgardner ... [et al.].
=504  \\$aIncludes bibliographical references and index.
=500  \\$aFormerly CIP.$5Uk
=540  \\$aCurrent copyright fee: GBP19.00$c42\0$5Uk
=650  \0$aChitosan$xBiotechnology.
=700  1\$aJayakumar, R.$q(Rangasamy).
=700  1\$aPrabaharan, M.
=700  1\$aMuzzarelli, Riccardo A. A.,$d1937-
=856  \\$31850-9999$uhttp://www.springer.com/gb/$xBLDSS
=852  41$aBritish Library$bDSC$j0710.600000
=852  71$aBritish Library$bSTI$k(P)$hMF 30$m-E(11)$2blsrissc
=852  41$aBritish Library$bDSC$j0710.600000
=852  71$aBritish Library$bSTI$k(P)$hMF 30$m-E(11)$2blsrissc
=852  71$aBritish Library$bSTI$2blsrissc
=852  71$aBritish Library$bSTI$k(P)$hMF 30$m-E(11)$iv. 243$2blsrissc
=CAT  \\$aBATCH-CIPN$b00$c20110927$lBLL01$h1701
=CAT  \\$aBATCH-CLA$c20140528$lBLL01$h1810
=CAT  \\$aIPL-CLA$c20140630$lBLL01$h1754
=CAT  \\$aBLDSS-3PM$b00$c20150102$lBLL01$h1735
=CAT  \\$aBATCH-UPD$b00$c20150219$lBLL01$h1922
=CAT  \\$aIPL-CLA$c20150331$lBLL01$h1716
=CAT  \\$aBATCH-UPD$b00$c20150520$lBLL01$h1921
=CAT  \\$aIPL-CLA$c20150630$lBLL01$h1716
=CAT  \\$aBATCH-UPD$b00$c20150820$lBLL01$h1951
=CAT  \\$aIPL-CLA$c20150930$lBLL01$h1843
=CAT  \\$aBATCH-UPD$b00$c20160217$lBLL01$h1849
=CAT  \\$aIPL-CLA$c20160331$lBLL01$h1806
=CAT  \\$aBATCH-UPD$b00$c20160524$lBLL01$h2251
=CAT  \\$aBATCH-UPD$b00$c20160525$lBLL01$h0551
=CAT  \\$aWR16_021$c20160702$lBLL01$h1819
=CAT  \\$aBATCH-UPD$b00$c20160824$lBLL01$h1907
=CAT  \\$aIPL-CLA$c20160930$lBLL01$h1634
=CAT  \\$aBATCH-UPD$b00$c20170103$lBLL01$h1424
=CAT  \\$aBATCH-UPD$b00$c20170216$lBLL01$h1952
=CAT  \\$aIPL-CLA$c20170331$lBLL01$h1911
=CAT  \\$aBATCH-UPD$b00$c20170904$lBLL01$h2019
=CAT  \\$aIPL-CLA$c20170929$lBLL01$h1757
=CAT  \\$aBATCH-UPD$b00$c20180223$lBLL01$h1917
=CAT  \\$aIPL-CLA$c20180331$lBLL01$h1657
=CAT  \\$aBATCH-UPD$b00$c20180524$lBLL01$h1803
=CAT  \\$aIPL-CLA$c20180630$lBLL01$h1935
=CFI  0\$aCurrent copyright fee: GBP19.00$c42\0$e01-jul-2018$fGBP19.00$g0$hP$5Uk
=CFI  2\$aPrevious copyright fee: GBP21.39$c42\0$e01-apr-2018$fGBP21.39$g0$hP$5Uk
=FFP  \\$aY$bBLDSS-3PM
=FIN  \\$aY$d20111025
=TCO  \\$aDEU$bVG WORT$c008
=UNO  \\$aY
=ACF  \\$aPrevious copyright fee: GBP22.00$c42\0$e12-aug-2012$fGBP22.00$g0$hP$5Uk
=ACF  \\$aPrevious copyright fee: GBP18.72$c42\0$e01-jan-2013$fGBP18.72$g0$hP$5Uk
=ACF  \\$aPrevious copyright fee: GBP19.32$c42\0$e01-jul-2013$fGBP19.32$g0$hP$5Uk
=ACF  \\$aPrevious copyright fee: GBP18.72$c42\0$e01-jan-2014$fGBP18.72$g0$hP$5Uk
=ACF  \\$aPrevious copyright fee: GBP18.15$c42\0$e01-jul-2014$fGBP18.15$g0$hP$5Uk
=ACF  \\$aPrevious copyright fee: GBP19.32$c42\0$e01-apr-2015$fGBP19.32$g0$hP$5Uk
=ACF  \\$aPrevious copyright fee: GBP19.97$c42\0$e01-jul-2015$fGBP19.97$g0$hP$5Uk
=ACF  \\$aPrevious copyright fee: GBP19.32$c42\0$e01-oct-2015$fGBP19.32$g0$hP$5Uk
=ACF  \\$aPrevious copyright fee: GBP20.66$c42\0$e01-apr-2016$fGBP20.66$g0$hP$5Uk
=ACF  \\$aPrevious copyright fee: GBP22.19$c42\0$e01-oct-2016$fGBP22.19$g0$hP$5Uk
=ACF  \\$aPrevious copyright fee: GBP23.96$c42\0$e01-apr-2017$fGBP23.96$g0$hP$5Uk
=ACF  \\$aPrevious copyright fee: GBP23.04$c42\0$e01-oct-2017$fGBP23.04$g0$hP$5Uk
=LAS  \\$aIPL-CLA$b00$c20180630$lBLL01$h1935

