=LDR  04616cam a2201033 a 4500
=001  013835465
=003  Uk
=005  20230924063751.0
=008  070831s2007\\\\gw\a\\\\\b\\\\101\0\eng\d
=FMT  \\$a  BK
=010  \\$a2007914538
=020  \\$a9783540747949 (pt. I : pbk.)
=020  \\$a354074794X (pt. I : pbk.)
=020  \\$a9783540747994 (pt. II : pbk.)
=020  \\$a3540747990 (pt. II : pbk.)
=035  \\$a(OCoLC)166764181
=040  \\$aOHX$cOHX$dUk
=042  \\$aukblsr
=072  \7$aQA$2lcco
=082  04$a621.39$222
=111  2\$aInternational Conference on Human-Computer Interaction$d(2007$cRio de Janeiro, Brazil)
=CNF  \\$aIFIP Conference on Human-Computer Interaction$n(11th :$d2007 Sep :$cRio de Janeiro, Brazil)
=245  10$aHuman-computer interaction - INTERACT 2007 :$b11th IFIP TC 13 International Conference Rio de Janeiro, Brazil, September 10-14, 2007, proceedings /$cCecilia Baranauskas ... [et al.] (eds.).
=260  \\$aBerlin :$bSpringer,$cc2007.
=300  \\$a2 v. :$bill. ;$c24 cm.
=336  \\$atext$2rdacontent
=337  \\$aunmediated$2rdamedia
=338  \\$avolume$2rdacarrier
=490  1\$aLecture notes in computer science,$x0302-9743 ;$v4662-4663
=504  \\$aIncludes bibliographical references and index.
=591  \\$aPapers.
=540  \\$aCurrent copyright fee: GBP19.00$c42\0$5Uk
=650  \0$aComputer engineering$vCongresses.
=650  \0$aHuman-computer interaction$vCongresses.
=653  1\$aINTERACT
=700  1\$aBaranauskas, Cécilia.
=830  \0$aLecture notes in computer science,$x0302-9743 ;$v4662-4663
=856  \\$31850-9999$uhttp://www.springer.com/gb/$xBLDSS
=852  11$aBritish Library$bSTI$ipt. II
=852  41$aBritish Library$bDSC$j5180.185000$ino. 4662
=852  71$aBritish Library$bSTI$k(P)$hPL 50$m-E(30)$ipt I$2blsrissc
=852  41$aBritish Library$bDSC$j5180.185000$iLNCS 4663, pt. II
=945  \\$aLecture notes in computer science, ISSN 0302-9743 ; no 4662 2007
=CAT  \\$a6098$b40$c20070905$lBLL01$h1433
=CAT  \\$aIPL-CLA$c20140101$lBLL01$h0023
=CAT  \\$aBATCH-UPD$b00$c20140527$lBLL01$h2228
=CAT  \\$aBATCH-CLA$c20140528$lBLL01$h1749
=CAT  \\$aIPL-CLA$c20140630$lBLL01$h1733
=CAT  \\$aBLDSS-3PM$b00$c20150102$lBLL01$h1731
=CAT  \\$aBATCH-UPD$b00$c20150219$lBLL01$h1913
=CAT  \\$aIPL-CLA$c20150331$lBLL01$h1650
=CAT  \\$aBATCH-UPD$b00$c20150520$lBLL01$h1911
=CAT  \\$aIPL-CLA$c20150630$lBLL01$h1656
=CAT  \\$aBATCH-UPD$b00$c20150820$lBLL01$h1943
=CAT  \\$aIPL-CLA$c20150930$lBLL01$h1819
=CAT  \\$aBATCH-UPD$b00$c20160217$lBLL01$h1840
=CAT  \\$aIPL-CLA$c20160331$lBLL01$h1742
=CAT  \\$aBATCH-UPD$b00$c20160524$lBLL01$h2243
=CAT  \\$aBATCH-UPD$b00$c20160525$lBLL01$h0501
=CAT  \\$aBATCH-UPD$b00$c20160824$lBLL01$h1859
=CAT  \\$aIPL-CLA$c20160930$lBLL01$h1614
=CAT  \\$aBATCH-UPD$b00$c20170216$lBLL01$h1944
=CAT  \\$aIPL-CLA$c20170331$lBLL01$h1853
=CAT  \\$aBATCH-UPD$b00$c20170904$lBLL01$h2009
=CAT  \\$aIPL-CLA$c20170929$lBLL01$h1739
=CAT  \\$aBATCH-UPD$b00$c20180223$lBLL01$h1906
=CAT  \\$aIPL-CLA$c20180331$lBLL01$h1630
=CAT  \\$aBATCH-UPD$b00$c20180524$lBLL01$h1757
=CAT  \\$aIPL-CLA$c20180630$lBLL01$h1922
=CAT  \\$aW2308-1659$c20230923$lBLL01$h1108
=CAT  \\$aBATCH-CLA$b00$c20230924$lBLL01$h0637
=CFI  0\$aCurrent copyright fee: GBP19.00$c42\0$e01-jul-2018$fGBP19.00$g0$hP$5Uk
=FFP  \\$aY$bBLDSS-3PM
=FIN  \\$aY$d20070910
=SID  \\$aZ39$bOCLC
=TCO  \\$aDEU$bVG WORT$c008
=UNO  \\$aY
=ACF  \\$aPrevious copyright fee: GBP18.72$c42\0$e01-jan-2013$fGBP18.72$g0$hP$5Uk
=ACF  \\$aPrevious copyright fee: GBP19.32$c42\0$e01-jul-2013$fGBP19.32$g0$hP$5Uk
=ACF  \\$aPrevious copyright fee: GBP18.72$c42\0$e01-jan-2014$fGBP18.72$g0$hP$5Uk
=ACF  \\$aPrevious copyright fee: GBP18.15$c42\0$e01-jul-2014$fGBP18.15$g0$hP$5Uk
=ACF  \\$aPrevious copyright fee: GBP19.32$c42\0$e01-apr-2015$fGBP19.32$g0$hP$5Uk
=ACF  \\$aPrevious copyright fee: GBP19.97$c42\0$e01-jul-2015$fGBP19.97$g0$hP$5Uk
=ACF  \\$aPrevious copyright fee: GBP19.32$c42\0$e01-oct-2015$fGBP19.32$g0$hP$5Uk
=ACF  \\$aPrevious copyright fee: GBP20.66$c42\0$e01-apr-2016$fGBP20.66$g0$hP$5Uk
=ACF  \\$aPrevious copyright fee: GBP22.19$c42\0$e01-oct-2016$fGBP22.19$g0$hP$5Uk
=ACF  \\$aPrevious copyright fee: GBP23.96$c42\0$e01-apr-2017$fGBP23.96$g0$hP$5Uk
=ACF  \\$aPrevious copyright fee: GBP23.04$c42\0$e01-oct-2017$fGBP23.04$g0$hP$5Uk
=LAS  \\$aBATCH-CLA$b00$c20230924$lBLL01$h0637

