=LDR  04248pam a2200985 a 4500
=001  014621712
=003  Uk
=005  20090128111820.0
=008  080512s2008\\\\njua\\\\\b\\\\001\0\eng\d
=FMT  \\$a  BK
=015  \\$aGBA868918$2bnb
=016  7\$a014621712$2Uk
=020  \\$a9781588299123 (v. 1) :$cNo price
=020  \\$a1588299120 (v. 1) :$cNo price
=020  \\$a9781597452496 (v. 1 : e-ISBN) :$cNo price
=020  \\$a9781603274685 (v. 2) :$cNo price
=020  \\$a1603274685 (v. 2) :$cNo price
=020  \\$a9781603274692 (v. 2 : e-ISBN) :$cNo price
=040  \\$aStDuBDS$beng$cStDuBDS$dUk
=042  \\$aukblsr
=082  04$a572.68$222
=245  00$aWnt signaling /$cedited by Elizabeth Vincan.
=260  \\$aNew York :$bHumana ;$a[London :$bSpringer, distributor],$cc2008.
=300  \\$a2 v. :$bill. (some col.) ;$c27 cm.
=336  \\$atext$2rdacontent
=337  \\$aunmediated$2rdamedia
=338  \\$avolume$2rdacarrier
=490  0\$aMethods in molecular biology,$x1064-3745 ;$v468-469
=490  0\$aSpringer protocols
=504  \\$aIncludes bibliographical references and index.
=505  0\$av. 1. Pathway methods and mammalian models -- v. 2. Pathway models.
=500  \\$aFormerly CIP.$5Uk
=540  \\$aCurrent copyright fee: GBP19.00$c42\0$5Uk
=650  \0$aCellular signal transduction.
=650  \0$aWnt proteins.
=650  \0$aWnt genes.
=700  1\$aVincan, Elizabeth.
=856  \\$31850-9999$uhttp://www.springer.com/gb/$xBLDSS
=852  41$aBritish Library$bDSC$iv. 469
=852  11$aBritish Library$bSTI$k(B)$h572.68$i468
=852  41$aBritish Library$bDSC$j5748.201800$iv. 468
=CAT  \\$aBATCH-CIP$b00$c20080520$lBLL01$h1702
=CAT  \\$aBATCH-UPD$b00$c20140527$lBLL01$h2231
=CAT  \\$aBATCH-CLA$c20140528$lBLL01$h1755
=CAT  \\$aIPL-CLA$c20140630$lBLL01$h1740
=CAT  \\$aBLDSS-3PM$b00$c20150102$lBLL01$h1732
=CAT  \\$aBATCH-UPD$b00$c20150219$lBLL01$h1916
=CAT  \\$aIPL-CLA$c20150331$lBLL01$h1657
=CAT  \\$aBATCH-UPD$b00$c20150520$lBLL01$h1914
=CAT  \\$aIPL-CLA$c20150630$lBLL01$h1701
=CAT  \\$aBATCH-UPD$b00$c20150820$lBLL01$h1946
=CAT  \\$aIPL-CLA$c20150930$lBLL01$h1827
=CAT  \\$aBATCH-UPD$b00$c20160217$lBLL01$h1843
=CAT  \\$aIPL-CLA$c20160331$lBLL01$h1749
=CAT  \\$aBATCH-UPD$b00$c20160524$lBLL01$h2245
=CAT  \\$aBATCH-UPD$b00$c20160525$lBLL01$h0513
=CAT  \\$aWR16_021$c20160620$lBLL01$h1812
=CAT  \\$aBATCH-UPD$b00$c20160824$lBLL01$h1901
=CAT  \\$aIPL-CLA$c20160930$lBLL01$h1620
=CAT  \\$aBATCH-UPD$b00$c20170216$lBLL01$h1946
=CAT  \\$aIPL-CLA$c20170331$lBLL01$h1858
=CAT  \\$aBATCH-UPD$b00$c20170904$lBLL01$h2012
=CAT  \\$aIPL-CLA$c20170929$lBLL01$h1744
=CAT  \\$aBATCH-UPD$b00$c20180223$lBLL01$h1910
=CAT  \\$aIPL-CLA$c20180331$lBLL01$h1637
=CAT  \\$aBATCH-UPD$b00$c20180524$lBLL01$h1759
=CAT  \\$aIPL-CLA$c20180630$lBLL01$h1926
=CFI  0\$aCurrent copyright fee: GBP19.00$c42\0$e01-jul-2018$fGBP19.00$g0$hP$5Uk
=CFI  2\$aPrevious copyright fee: GBP21.39$c42\0$e01-apr-2018$fGBP21.39$g0$hP$5Uk
=FFP  \\$aY$bBLDSS-3PM
=FIN  \\$aY$d20090128
=TCO  \\$aNLD$bSTICHTING REPRORECHT$c008
=UNO  \\$aY
=ACF  \\$aPrevious copyright fee: GBP18.72$c42\0$e01-jan-2013$fGBP18.72$g0$hP$5Uk
=ACF  \\$aPrevious copyright fee: GBP19.32$c42\0$e01-jul-2013$fGBP19.32$g0$hP$5Uk
=ACF  \\$aPrevious copyright fee: GBP18.72$c42\0$e01-jan-2014$fGBP18.72$g0$hP$5Uk
=ACF  \\$aPrevious copyright fee: GBP18.15$c42\0$e01-jul-2014$fGBP18.15$g0$hP$5Uk
=ACF  \\$aPrevious copyright fee: GBP19.32$c42\0$e01-apr-2015$fGBP19.32$g0$hP$5Uk
=ACF  \\$aPrevious copyright fee: GBP19.97$c42\0$e01-jul-2015$fGBP19.97$g0$hP$5Uk
=ACF  \\$aPrevious copyright fee: GBP19.32$c42\0$e01-oct-2015$fGBP19.32$g0$hP$5Uk
=ACF  \\$aPrevious copyright fee: GBP20.66$c42\0$e01-apr-2016$fGBP20.66$g0$hP$5Uk
=ACF  \\$aPrevious copyright fee: GBP22.19$c42\0$e01-oct-2016$fGBP22.19$g0$hP$5Uk
=ACF  \\$aPrevious copyright fee: GBP23.96$c42\0$e01-apr-2017$fGBP23.96$g0$hP$5Uk
=ACF  \\$aPrevious copyright fee: GBP23.04$c42\0$e01-oct-2017$fGBP23.04$g0$hP$5Uk
=LAS  \\$aIPL-CLA$b00$c20180630$lBLL01$h1926

