=LDR  04545cas a22009497a 4500
=001  014623100
=003  Uk
=005  20230511162946.0
=007  ta
=008  040410c20079999be\ar\p\\\\\\\0\\\a0eng\\
=FMT  \\$a  SE
=022  \\$a0084-3814
=040  \\$aUk$cUk$dUk
=041  0\$aeng$beng$bfre$bger
=082  04$a060$221
=245  00$aYearbook of international organizations :$bguide to global civil society networks.$nvolume 6,$pWho's who in international organizations.
=246  3\$aWho's who in international organizations.
=260  \\$aMünchen :$bSaur,$c2007-
=300  \\$av. ;$c26 cm.
=310  \\$aAnnual
=336  \\$atext$2rdacontent
=337  \\$aunmediated$2rdamedia
=338  \\$avolume$2rdacarrier
=362  0\$aEd. 6=44.2007/08(2007) -
=515  \\$aBeginning in 1983, published in 3 vols.: v.1. Organization descriptions and index -- v.2. Geographic volume : international organization participation -- v. 3. Subject volume : global action network; from 1996 published in 4 vols; from 2001 published in 5 vols; from 2007 published in 6 vols.
=546  \\$aText in English, with instructions in English, French, and German; indexes in English and French
=580  \\$aComplemented by: International association statutes series, 1988-
=595  \\$aSEE 9414.0 9414.01 AND 9414.1.
=515  \\$aDoppelzählung vom Yearbook übernommen; ersch. jährl.
=540  \\$aCurrent Copyright Fee: GBP22.00$c74\0$5Uk
=650  \0$aInternational agencies$vDirectories
=710  2\$aUnion of International Associations.
=780  02$iVorg.$tWho's who in international organizations
=787  1\$aInternational association statutes series$g1988-$x0933-2588
=856  \\$31850-9999$uhttp://booksandjournals.brillonline.com/$xBLDSS
=852  41$aBritish Library$bHMNTS$kOPQ$h060$3Ed. 44 (2007/2008)-
=852  41$aBritish Library$bHMNTS$jUNP.555/4
=852  11$aBritish Library$bSTI$jEnquiry Desk S3
=852  71$aBritish Library$bSTI$k(B)$hAA 930$mEnquiry desk 2S$2blsrissc$3Current issue only
=985  \\$aUpgraded by BSS-generated file for WR2011-1473
=CAT  \\$a10932$b40$c20080521$lBLL01$h1149
=CAT  \\$aBATCH-CLA$b00$c20081128$lBLL01$h1754
=CAT  \\$aBATCH-UPD$b00$c20081231$lBLL01$h2327
=CAT  \\$aBATCH-UPD$b00$c20090101$lBLL01$h0057
=CAT  \\$aBATCH$b00$c20090101$lBLL01$h0232
=CAT  \\$aBATCH-CLA$b00$c20090227$lBLL01$h1655
=CAT  \\$aBATCH-UPD$b00$c20090331$lBLL01$h2319
=CAT  \\$aBATCH-UPD$b00$c20090401$lBLL01$h0047
=CAT  \\$aBATCH$b00$c20090401$lBLL01$h0217
=CAT  \\$aBATCH-CLA$b00$c20090529$lBLL01$h1732
=CAT  \\$aBATCH-UPD$b00$c20090701$lBLL01$h2019
=CAT  \\$aBATCH-UPD$b00$c20090701$lBLL01$h2042
=CAT  \\$aBATCH$b00$c20090701$lBLL01$h2103
=CAT  \\$aBATCH-UPD$b00$c20101201$lBLL01$h1251
=CAT  \\$aIPL-CLA$c20101231$lBLL01$h1525
=CAT  \\$a10932$b40$c20110120$lBLL01$h1140
=CAT  \\$aBATCH-UPD$b40$c20110907$lBLL01$h1831
=CAT  \\$aIPL-CLA$c20110908$lBLL01$h1745
=CAT  \\$aBATCH-CLA$b00$c20121109$lBLL01$h1723
=CAT  \\$aBATCH-UPD$b00$c20150603$lBLL01$h1554
=CAT  \\$a5552$b40$c20160531$lBLL01$h1337
=CAT  \\$aBATCH-UPD$b40$c20160531$lBLL01$h2206
=CAT  \\$aBLDSS-3PM$b00$c20160607$lBLL01$h1621
=CAT  \\$aBATCH-UPD$b00$c20160607$lBLL01$h1622
=CAT  \\$aW2011-1473$b00$c20201124$lBLL01$h1902
=CAT  \\$aBATCH-FIX$c20230511$lBLL01$h1629
=CFI  0\$aCurrent Copyright Fee: GBP22.00$c74\0$e31-may-2016$fGBP22.00$g0$hP$5Uk
=CFI  2\$aBritish Library not licensed to copy$c0$e07-sep-2011$hC$iTX$5Uk
=FFP  \\$aY$bBLDSS-3PM
=FIN  \\$aY
=LET  \0$aYearbook of international organizations : guide to global civil society networks. Volume 6, Who's who in international organizations.
=TCO  \\$aXXX$c008
=UNO  \\$aY
=ACF  \\$aPrevious copyright fee: GBP10.50$c0$e01-jan-2011$fGBP10.50$g0$hA$5Uk
=ACF  \\$aPrevious Copyright Fee: GBP1.43$c0$e01-jul-2009$fGBP1.43$g0$hC$5Uk
=ACF  \\$aPrevious Copyright Fee: GBP1.43$c0$e01-apr-2009$fGBP1.43$g0$hC$5Uk
=ACF  \\$aPrevious Copyright Fee: GBP1.25$c0$e01-jan-2009$fGBP1.25$g0$hC$5Uk
=ACF  \\$aPrevious Copyright Fee: GBP1.00$c0$e01-oct-2008$fGBP1.00$g0$hC$5Uk
=ACF  \\$aPrevious copyright fee: GBP6.00$c0$e01-apr-2008$fGBP6.00$g0$hA$5Uk
=ACF  \\$aPrevious copyright fee: GBP5.00$c0$e01-jul-2002$fGBP5.00$g0$hA$5Uk
=ACF  \\$aCurrent copyright fee: GBP4.40$c0$e02-jan-2002$fGBP4.40$g0$hA$5Uk
=LAS  \\$aBATCH-FIX$b00$c20230511$lBLL01$h1629

